@book{wickham2019advanced,
  title={Advanced R},
  author={Wickham, Hadley},
  date={2019},
  publisher={CRC press},
  version={1},
  url={http://adv-r.had.co.nz/}
}