@book{wickham2023r,
  title={R for data science (2e): import, tidy, transform, visualize, and model data},
  author={Wickham, Hadley and Grolemund, Garrett},
  date={2023},
  pubstate={forthcoming},
  publisher={"O'Reilly Media, Inc."},
  url={https://r4ds.hadley.nz/}
}
@book{de2013r,
  title={The R software},
  author={de Micheaux, P Lafaye and Drouilhet, R{\'e}my and Liquet, Benoit},
  year={2013},
  publisher={Springer},
  url={https://link.springer.com/book/10.1007/978-1-4614-9020-3}
}
@book{wickham2023rpackages,
  title={R packages (2e): organize, test, document, and share your code},
  author={Wickham, Hadley and Bryan, Jenny},
  date={2023},
  pubstate = {forthcoming},
  publisher={"O'Reilly Media, Inc."},
  url={https://r-pkgs.org/}
}
@online{bryan2023happy,
  title={Happy Git and GitHub for the useR},
  author={Bryan, Jenny},
  date={2023},
  url={https://happygitwithr.com/}
}
@article{wickham2019welcome,
  title={Welcome to the Tidyverse},
  author={Wickham, Hadley and Averick, Mara and Bryan, Jennifer and Chang, Winston and McGowan, Lucy D'Agostino and Fran{\c{c}}ois, Romain and Grolemund, Garrett and Hayes, Alex and Henry, Lionel and Hester, Jim and others},
  journal={Journal of open source software},
  volume={4},
  number={43},
  pages={1686},
  date={2019}
}
@book{wickham2019advanced,
  title={Advanced R},
  author={Wickham, Hadley},
  date={2019},
  publisher={CRC press},
  version={1},
  url={http://adv-r.had.co.nz/}
}